<record><leader>00000cas a22000007a 4500</leader><controlfield tag="001">24340373</controlfield><controlfield tag="008">910906d19481948ohudn ne      0    0eng d</controlfield><datafield ind1=" " ind2=" " tag="010"><subfield code="a">sn 91069130 </subfield></datafield><datafield ind1=" " ind2=" " tag="040"><subfield code="a">ONP</subfield><subfield code="b">eng</subfield><subfield code="c">ONP</subfield><subfield code="d">OCLCQ</subfield></datafield><datafield ind1=" " ind2=" " tag="042"><subfield code="a">msc</subfield></datafield><datafield ind1="0" ind2=" " tag="130"><subfield code="a">Daily advance (Oberlin, Ohio : 1948)</subfield></datafield><datafield ind1="1" ind2="4" tag="245"><subfield code="a">The Daily advance.</subfield></datafield><datafield ind1=" " ind2=" " tag="260"><subfield code="a">Oberlin, Ohio :</subfield><subfield code="b">General Council of the Congregational Christian Churches,</subfield><subfield code="c">1948.</subfield></datafield><datafield ind1=" " ind2=" " tag="300"><subfield code="a">v.</subfield></datafield><datafield ind1=" " ind2=" " tag="310"><subfield code="a">Daily (except Sun.)</subfield></datafield><datafield ind1="0" ind2=" " tag="362"><subfield code="a">Vol. 3, no. 1 (June 17, 1948)-v. 3, no. 5 (June 23, 1948).</subfield></datafield><datafield ind1=" " ind2=" " tag="500"><subfield code="a">Published during the biennial meeting of the Congregational Christian Churches, June 17-24, 1948.</subfield></datafield><datafield ind1=" " ind2=" " tag="752"><subfield code="a">United States</subfield><subfield code="b">Ohio</subfield><subfield code="c">Lorain</subfield><subfield code="d">Oberlin.</subfield></datafield></record>